%YAML 1.1
%TAG !u! tag:unity3d.com,2011:
--- !u!1 &857398038632094000
GameObject:
  m_ObjectHideFlags: 0
  m_CorrespondingSourceObject: {fileID: 0}
  m_PrefabInstance: {fileID: 0}
  m_PrefabAsset: {fileID: 0}
  serializedVersion: 6
  m_Component:
  - component: {fileID: 2193678326627782183}
  m_Layer: 0
  m_Name: lymph_node_blood_vessels
  m_TagString: Untagged
  m_Icon: {fileID: 0}
  m_NavMeshLayer: 0
  m_StaticEditorFlags: 0
  m_IsActive: 1
--- !u!4 &2193678326627782183
Transform:
  m_ObjectHideFlags: 0
  m_CorrespondingSourceObject: {fileID: 0}
  m_PrefabInstance: {fileID: 0}
  m_PrefabAsset: {fileID: 0}
  m_GameObject: {fileID: 857398038632094000}
  m_LocalRotation: {x: 0, y: -0, z: -0, w: 1}
  m_LocalPosition: {x: 0.08507776, y: -0.26507503, z: -2.4912653}
  m_LocalScale: {x: 1, y: 1, z: 1}
  m_Children:
  - {fileID: 7846643769605286663}
  - {fileID: 2284285610513432111}
  m_Father: {fileID: 6743229852507190814}
  m_RootOrder: 2
  m_LocalEulerAnglesHint: {x: 0, y: 0, z: 0}
--- !u!1 &1249622138599856620
GameObject:
  m_ObjectHideFlags: 0
  m_CorrespondingSourceObject: {fileID: 0}
  m_PrefabInstance: {fileID: 0}
  m_PrefabAsset: {fileID: 0}
  serializedVersion: 6
  m_Component:
  - component: {fileID: 2284285610513432111}
  - component: {fileID: 2520876878742495517}
  - component: {fileID: 958983456580596615}
  m_Layer: 0
  m_Name: polySurface10
  m_TagString: Untagged
  m_Icon: {fileID: 0}
  m_NavMeshLayer: 0
  m_StaticEditorFlags: 0
  m_IsActive: 1
--- !u!4 &2284285610513432111
Transform:
  m_ObjectHideFlags: 0
  m_CorrespondingSourceObject: {fileID: 0}
  m_PrefabInstance: {fileID: 0}
  m_PrefabAsset: {fileID: 0}
  m_GameObject: {fileID: 1249622138599856620}
  m_LocalRotation: {x: 0, y: -0, z: -0, w: 1}
  m_LocalPosition: {x: -0.14066735, y: 0, z: -0.012726593}
  m_LocalScale: {x: 1, y: 1, z: 1}
  m_Children: []
  m_Father: {fileID: 2193678326627782183}
  m_RootOrder: 1
  m_LocalEulerAnglesHint: {x: 0, y: 0, z: 0}
--- !u!33 &2520876878742495517
MeshFilter:
  m_ObjectHideFlags: 0
  m_CorrespondingSourceObject: {fileID: 0}
  m_PrefabInstance: {fileID: 0}
  m_PrefabAsset: {fileID: 0}
  m_GameObject: {fileID: 1249622138599856620}
  m_Mesh: {fileID: -856059019632272089, guid: f65a92d7b9702b34088a3240833d69e8, type: 3}
--- !u!23 &958983456580596615
MeshRenderer:
  m_ObjectHideFlags: 0
  m_CorrespondingSourceObject: {fileID: 0}
  m_PrefabInstance: {fileID: 0}
  m_PrefabAsset: {fileID: 0}
  m_GameObject: {fileID: 1249622138599856620}
  m_Enabled: 1
  m_CastShadows: 1
  m_ReceiveShadows: 1
  m_DynamicOccludee: 1
  m_MotionVectors: 1
  m_LightProbeUsage: 1
  m_ReflectionProbeUsage: 1
  m_RayTracingMode: 2
  m_RenderingLayerMask: 1
  m_RendererPriority: 0
  m_Materials:
  - {fileID: 2100000, guid: 7320293f58f773f4e824e7e9157a9e45, type: 2}
  m_StaticBatchInfo:
    firstSubMesh: 0
    subMeshCount: 0
  m_StaticBatchRoot: {fileID: 0}
  m_ProbeAnchor: {fileID: 0}
  m_LightProbeVolumeOverride: {fileID: 0}
  m_ScaleInLightmap: 1
  m_ReceiveGI: 1
  m_PreserveUVs: 0
  m_IgnoreNormalsForChartDetection: 0
  m_ImportantGI: 0
  m_StitchLightmapSeams: 1
  m_SelectedEditorRenderState: 3
  m_MinimumChartSize: 4
  m_AutoUVMaxDistance: 0.5
  m_AutoUVMaxAngle: 89
  m_LightmapParameters: {fileID: 0}
  m_SortingLayerID: 0
  m_SortingLayer: 0
  m_SortingOrder: 0
--- !u!1 &2940078890653138183
GameObject:
  m_ObjectHideFlags: 0
  m_CorrespondingSourceObject: {fileID: 0}
  m_PrefabInstance: {fileID: 0}
  m_PrefabAsset: {fileID: 0}
  serializedVersion: 6
  m_Component:
  - component: {fileID: 6743229852507190814}
  m_Layer: 0
  m_Name: lymph_node_internal
  m_TagString: Untagged
  m_Icon: {fileID: 0}
  m_NavMeshLayer: 0
  m_StaticEditorFlags: 0
  m_IsActive: 1
--- !u!4 &6743229852507190814
Transform:
  m_ObjectHideFlags: 0
  m_CorrespondingSourceObject: {fileID: 0}
  m_PrefabInstance: {fileID: 0}
  m_PrefabAsset: {fileID: 0}
  m_GameObject: {fileID: 2940078890653138183}
  m_LocalRotation: {x: 0, y: -0, z: -0, w: 1}
  m_LocalPosition: {x: 0.055589586, y: 0.26507503, z: 2.503992}
  m_LocalScale: {x: 1, y: 1, z: 1}
  m_Children:
  - {fileID: 2711876137527603799}
  - {fileID: 8065122545433276683}
  - {fileID: 2193678326627782183}
  m_Father: {fileID: 4414042497287019823}
  m_RootOrder: 1
  m_LocalEulerAnglesHint: {x: 0, y: 0, z: 0}
--- !u!1 &3054474375183080065
GameObject:
  m_ObjectHideFlags: 0
  m_CorrespondingSourceObject: {fileID: 0}
  m_PrefabInstance: {fileID: 0}
  m_PrefabAsset: {fileID: 0}
  serializedVersion: 6
  m_Component:
  - component: {fileID: 221224783707523722}
  - component: {fileID: 5570947702475523126}
  - component: {fileID: 748319741343096420}
  m_Layer: 0
  m_Name: polySurface4
  m_TagString: Untagged
  m_Icon: {fileID: 0}
  m_NavMeshLayer: 0
  m_StaticEditorFlags: 0
  m_IsActive: 1
--- !u!4 &221224783707523722
Transform:
  m_ObjectHideFlags: 0
  m_CorrespondingSourceObject: {fileID: 0}
  m_PrefabInstance: {fileID: 0}
  m_PrefabAsset: {fileID: 0}
  m_GameObject: {fileID: 3054474375183080065}
  m_LocalRotation: {x: 0, y: -0, z: -0, w: 1}
  m_LocalPosition: {x: -0.02336145, y: 0.23358643, z: -0.5650724}
  m_LocalScale: {x: 1, y: 1, z: 1}
  m_Children: []
  m_Father: {fileID: 8065122545433276683}
  m_RootOrder: 3
  m_LocalEulerAnglesHint: {x: 0, y: 0, z: 0}
--- !u!33 &5570947702475523126
MeshFilter:
  m_ObjectHideFlags: 0
  m_CorrespondingSourceObject: {fileID: 0}
  m_PrefabInstance: {fileID: 0}
  m_PrefabAsset: {fileID: 0}
  m_GameObject: {fileID: 3054474375183080065}
  m_Mesh: {fileID: 2381890483179193753, guid: f65a92d7b9702b34088a3240833d69e8, type: 3}
--- !u!23 &748319741343096420
MeshRenderer:
  m_ObjectHideFlags: 0
  m_CorrespondingSourceObject: {fileID: 0}
  m_PrefabInstance: {fileID: 0}
  m_PrefabAsset: {fileID: 0}
  m_GameObject: {fileID: 3054474375183080065}
  m_Enabled: 1
  m_CastShadows: 1
  m_ReceiveShadows: 1
  m_DynamicOccludee: 1
  m_MotionVectors: 1
  m_LightProbeUsage: 1
  m_ReflectionProbeUsage: 1
  m_RayTracingMode: 2
  m_RenderingLayerMask: 1
  m_RendererPriority: 0
  m_Materials:
  - {fileID: 2100000, guid: 90589cba0c2da714196ef033a07a7d94, type: 2}
  m_StaticBatchInfo:
    firstSubMesh: 0
    subMeshCount: 0
  m_StaticBatchRoot: {fileID: 0}
  m_ProbeAnchor: {fileID: 0}
  m_LightProbeVolumeOverride: {fileID: 0}
  m_ScaleInLightmap: 1
  m_ReceiveGI: 1
  m_PreserveUVs: 0
  m_IgnoreNormalsForChartDetection: 0
  m_ImportantGI: 0
  m_StitchLightmapSeams: 1
  m_SelectedEditorRenderState: 3
  m_MinimumChartSize: 4
  m_AutoUVMaxDistance: 0.5
  m_AutoUVMaxAngle: 89
  m_LightmapParameters: {fileID: 0}
  m_SortingLayerID: 0
  m_SortingLayer: 0
  m_SortingOrder: 0
--- !u!1 &3078793663505108207
GameObject:
  m_ObjectHideFlags: 0
  m_CorrespondingSourceObject: {fileID: 0}
  m_PrefabInstance: {fileID: 0}
  m_PrefabAsset: {fileID: 0}
  serializedVersion: 6
  m_Component:
  - component: {fileID: 8065122545433276683}
  m_Layer: 0
  m_Name: follicles
  m_TagString: Untagged
  m_Icon: {fileID: 0}
  m_NavMeshLayer: 0
  m_StaticEditorFlags: 0
  m_IsActive: 1
--- !u!4 &8065122545433276683
Transform:
  m_ObjectHideFlags: 0
  m_CorrespondingSourceObject: {fileID: 0}
  m_PrefabInstance: {fileID: 0}
  m_PrefabAsset: {fileID: 0}
  m_GameObject: {fileID: 3078793663505108207}
  m_LocalRotation: {x: 0, y: -0, z: -0, w: 1}
  m_LocalPosition: {x: 0.0019927656, y: -0.00016098816, z: -2.637709}
  m_LocalScale: {x: 1, y: 1, z: 1}
  m_Children:
  - {fileID: 6755853790834065271}
  - {fileID: 5797203605651727230}
  - {fileID: 1905157228679713838}
  - {fileID: 221224783707523722}
  - {fileID: 1482198148045587354}
  - {fileID: 5446791771184939578}
  - {fileID: 8282837890669212970}
  - {fileID: 4451569732830909258}
  m_Father: {fileID: 6743229852507190814}
  m_RootOrder: 1
  m_LocalEulerAnglesHint: {x: 0, y: 0, z: 0}
--- !u!1 &3893930253851363221
GameObject:
  m_ObjectHideFlags: 0
  m_CorrespondingSourceObject: {fileID: 0}
  m_PrefabInstance: {fileID: 0}
  m_PrefabAsset: {fileID: 0}
  serializedVersion: 6
  m_Component:
  - component: {fileID: 4414042497287019823}
  - component: {fileID: 7755753361927341909}
  m_Layer: 0
  m_Name: lymph node whole
  m_TagString: Untagged
  m_Icon: {fileID: 0}
  m_NavMeshLayer: 0
  m_StaticEditorFlags: 0
  m_IsActive: 1
--- !u!4 &4414042497287019823
Transform:
  m_ObjectHideFlags: 0
  m_CorrespondingSourceObject: {fileID: 0}
  m_PrefabInstance: {fileID: 0}
  m_PrefabAsset: {fileID: 0}
  m_GameObject: {fileID: 3893930253851363221}
  m_LocalRotation: {x: 0.00645154, y: 0.22072636, z: -0.02067823, w: 0.9750952}
  m_LocalPosition: {x: 334.06, y: -165.35, z: 1774.6}
  m_LocalScale: {x: 200, y: 200, z: 200}
  m_Children:
  - {fileID: 8982083343127390771}
  - {fileID: 6743229852507190814}
  - {fileID: 1575792619023673943}
  - {fileID: 5450000413541329917}
  - {fileID: 671910178423272538}
  - {fileID: 6972689022848166406}
  - {fileID: 2498329472969166127}
  - {fileID: 1724427878271727711}
  - {fileID: 7468295606362591266}
  - {fileID: 3599462065843261072}
  - {fileID: 7205506195883515516}
  - {fileID: 1350763393292533468}
  - {fileID: 192196533204440152}
  m_Father: {fileID: 0}
  m_RootOrder: 0
  m_LocalEulerAnglesHint: {x: 1.2440001, y: 25.486002, z: -2.148}
--- !u!95 &7755753361927341909
Animator:
  serializedVersion: 3
  m_ObjectHideFlags: 0
  m_CorrespondingSourceObject: {fileID: 0}
  m_PrefabInstance: {fileID: 0}
  m_PrefabAsset: {fileID: 0}
  m_GameObject: {fileID: 3893930253851363221}
  m_Enabled: 1
  m_Avatar: {fileID: 9000000, guid: f65a92d7b9702b34088a3240833d69e8, type: 3}
  m_Controller: {fileID: 9100000, guid: 669e1f744cfe4524187f907ae17917d8, type: 2}
  m_CullingMode: 0
  m_UpdateMode: 0
  m_ApplyRootMotion: 0
  m_LinearVelocityBlending: 0
  m_WarningMessage: 
  m_HasTransformHierarchy: 1
  m_AllowConstantClipSamplingOptimization: 1
  m_KeepAnimatorControllerStateOnDisable: 0
--- !u!1 &4061222937677008796
GameObject:
  m_ObjectHideFlags: 0
  m_CorrespondingSourceObject: {fileID: 0}
  m_PrefabInstance: {fileID: 0}
  m_PrefabAsset: {fileID: 0}
  serializedVersion: 6
  m_Component:
  - component: {fileID: 4451569732830909258}
  - component: {fileID: 5603528995870802303}
  - component: {fileID: 1024962904358572910}
  m_Layer: 0
  m_Name: polySurface8
  m_TagString: Untagged
  m_Icon: {fileID: 0}
  m_NavMeshLayer: 0
  m_StaticEditorFlags: 0
  m_IsActive: 1
--- !u!4 &4451569732830909258
Transform:
  m_ObjectHideFlags: 0
  m_CorrespondingSourceObject: {fileID: 0}
  m_PrefabInstance: {fileID: 0}
  m_PrefabAsset: {fileID: 0}
  m_GameObject: {fileID: 4061222937677008796}
  m_LocalRotation: {x: 0, y: -0, z: -0, w: 1}
  m_LocalPosition: {x: 0.29589248, y: -0.56049603, z: 0.7673899}
  m_LocalScale: {x: 1, y: 1, z: 1}
  m_Children: []
  m_Father: {fileID: 8065122545433276683}
  m_RootOrder: 7
  m_LocalEulerAnglesHint: {x: 0, y: 0, z: 0}
--- !u!33 &5603528995870802303
MeshFilter:
  m_ObjectHideFlags: 0
  m_CorrespondingSourceObject: {fileID: 0}
  m_PrefabInstance: {fileID: 0}
  m_PrefabAsset: {fileID: 0}
  m_GameObject: {fileID: 4061222937677008796}
  m_Mesh: {fileID: 4732937762076777578, guid: f65a92d7b9702b34088a3240833d69e8, type: 3}
--- !u!23 &1024962904358572910
MeshRenderer:
  m_ObjectHideFlags: 0
  m_CorrespondingSourceObject: {fileID: 0}
  m_PrefabInstance: {fileID: 0}
  m_PrefabAsset: {fileID: 0}
  m_GameObject: {fileID: 4061222937677008796}
  m_Enabled: 1
  m_CastShadows: 1
  m_ReceiveShadows: 1
  m_DynamicOccludee: 1
  m_MotionVectors: 1
  m_LightProbeUsage: 1
  m_ReflectionProbeUsage: 1
  m_RayTracingMode: 2
  m_RenderingLayerMask: 1
  m_RendererPriority: 0
  m_Materials:
  - {fileID: 2100000, guid: 90589cba0c2da714196ef033a07a7d94, type: 2}
  m_StaticBatchInfo:
    firstSubMesh: 0
    subMeshCount: 0
  m_StaticBatchRoot: {fileID: 0}
  m_ProbeAnchor: {fileID: 0}
  m_LightProbeVolumeOverride: {fileID: 0}
  m_ScaleInLightmap: 1
  m_ReceiveGI: 1
  m_PreserveUVs: 0
  m_IgnoreNormalsForChartDetection: 0
  m_ImportantGI: 0
  m_StitchLightmapSeams: 1
  m_SelectedEditorRenderState: 3
  m_MinimumChartSize: 4
  m_AutoUVMaxDistance: 0.5
  m_AutoUVMaxAngle: 89
  m_LightmapParameters: {fileID: 0}
  m_SortingLayerID: 0
  m_SortingLayer: 0
  m_SortingOrder: 0
--- !u!1 &5129650040375779057
GameObject:
  m_ObjectHideFlags: 0
  m_CorrespondingSourceObject: {fileID: 0}
  m_PrefabInstance: {fileID: 0}
  m_PrefabAsset: {fileID: 0}
  serializedVersion: 6
  m_Component:
  - component: {fileID: 1905157228679713838}
  - component: {fileID: 1455202988985857549}
  - component: {fileID: 2939473652468587940}
  m_Layer: 0
  m_Name: polySurface3
  m_TagString: Untagged
  m_Icon: {fileID: 0}
  m_NavMeshLayer: 0
  m_StaticEditorFlags: 0
  m_IsActive: 1
--- !u!4 &1905157228679713838
Transform:
  m_ObjectHideFlags: 0
  m_CorrespondingSourceObject: {fileID: 0}
  m_PrefabInstance: {fileID: 0}
  m_PrefabAsset: {fileID: 0}
  m_GameObject: {fileID: 5129650040375779057}
  m_LocalRotation: {x: 0, y: -0, z: -0, w: 1}
  m_LocalPosition: {x: -0.46215943, y: 0.5745865, z: 0.580311}
  m_LocalScale: {x: 1, y: 1, z: 1}
  m_Children: []
  m_Father: {fileID: 8065122545433276683}
  m_RootOrder: 2
  m_LocalEulerAnglesHint: {x: 0, y: 0, z: 0}
--- !u!33 &1455202988985857549
MeshFilter:
  m_ObjectHideFlags: 0
  m_CorrespondingSourceObject: {fileID: 0}
  m_PrefabInstance: {fileID: 0}
  m_PrefabAsset: {fileID: 0}
  m_GameObject: {fileID: 5129650040375779057}
  m_Mesh: {fileID: 4164511204261677510, guid: f65a92d7b9702b34088a3240833d69e8, type: 3}
--- !u!23 &2939473652468587940
MeshRenderer:
  m_ObjectHideFlags: 0
  m_CorrespondingSourceObject: {fileID: 0}
  m_PrefabInstance: {fileID: 0}
  m_PrefabAsset: {fileID: 0}
  m_GameObject: {fileID: 5129650040375779057}
  m_Enabled: 1
  m_CastShadows: 1
  m_ReceiveShadows: 1
  m_DynamicOccludee: 1
  m_MotionVectors: 1
  m_LightProbeUsage: 1
  m_ReflectionProbeUsage: 1
  m_RayTracingMode: 2
  m_RenderingLayerMask: 1
  m_RendererPriority: 0
  m_Materials:
  - {fileID: 2100000, guid: 90589cba0c2da714196ef033a07a7d94, type: 2}
  m_StaticBatchInfo:
    firstSubMesh: 0
    subMeshCount: 0
  m_StaticBatchRoot: {fileID: 0}
  m_ProbeAnchor: {fileID: 0}
  m_LightProbeVolumeOverride: {fileID: 0}
  m_ScaleInLightmap: 1
  m_ReceiveGI: 1
  m_PreserveUVs: 0
  m_IgnoreNormalsForChartDetection: 0
  m_ImportantGI: 0
  m_StitchLightmapSeams: 1
  m_SelectedEditorRenderState: 3
  m_MinimumChartSize: 4
  m_AutoUVMaxDistance: 0.5
  m_AutoUVMaxAngle: 89
  m_LightmapParameters: {fileID: 0}
  m_SortingLayerID: 0
  m_SortingLayer: 0
  m_SortingOrder: 0
--- !u!1 &5668545737322213034
GameObject:
  m_ObjectHideFlags: 0
  m_CorrespondingSourceObject: {fileID: 0}
  m_PrefabInstance: {fileID: 0}
  m_PrefabAsset: {fileID: 0}
  serializedVersion: 6
  m_Component:
  - component: {fileID: 2711876137527603799}
  - component: {fileID: 94494078645213471}
  - component: {fileID: 2784066206457141292}
  m_Layer: 0
  m_Name: follicle_cores
  m_TagString: Untagged
  m_Icon: {fileID: 0}
  m_NavMeshLayer: 0
  m_StaticEditorFlags: 0
  m_IsActive: 1
--- !u!4 &2711876137527603799
Transform:
  m_ObjectHideFlags: 0
  m_CorrespondingSourceObject: {fileID: 0}
  m_PrefabInstance: {fileID: 0}
  m_PrefabAsset: {fileID: 0}
  m_GameObject: {fileID: 5668545737322213034}
  m_LocalRotation: {x: 0, y: -0, z: -0, w: 1}
  m_LocalPosition: {x: -0.0027067924, y: -0.024046417, z: -2.582309}
  m_LocalScale: {x: 1, y: 1, z: 1}
  m_Children: []
  m_Father: {fileID: 6743229852507190814}
  m_RootOrder: 0
  m_LocalEulerAnglesHint: {x: 0, y: 0, z: 0}
--- !u!33 &94494078645213471
MeshFilter:
  m_ObjectHideFlags: 0
  m_CorrespondingSourceObject: {fileID: 0}
  m_PrefabInstance: {fileID: 0}
  m_PrefabAsset: {fileID: 0}
  m_GameObject: {fileID: 5668545737322213034}
  m_Mesh: {fileID: -5818893762492947835, guid: f65a92d7b9702b34088a3240833d69e8, type: 3}
--- !u!23 &2784066206457141292
MeshRenderer:
  m_ObjectHideFlags: 0
  m_CorrespondingSourceObject: {fileID: 0}
  m_PrefabInstance: {fileID: 0}
  m_PrefabAsset: {fileID: 0}
  m_GameObject: {fileID: 5668545737322213034}
  m_Enabled: 1
  m_CastShadows: 1
  m_ReceiveShadows: 1
  m_DynamicOccludee: 1
  m_MotionVectors: 1
  m_LightProbeUsage: 1
  m_ReflectionProbeUsage: 1
  m_RayTracingMode: 2
  m_RenderingLayerMask: 1
  m_RendererPriority: 0
  m_Materials:
  - {fileID: 2100000, guid: 45b3b81f9b80bf84eb886ed843282f4e, type: 2}
  m_StaticBatchInfo:
    firstSubMesh: 0
    subMeshCount: 0
  m_StaticBatchRoot: {fileID: 0}
  m_ProbeAnchor: {fileID: 0}
  m_LightProbeVolumeOverride: {fileID: 0}
  m_ScaleInLightmap: 1
  m_ReceiveGI: 1
  m_PreserveUVs: 0
  m_IgnoreNormalsForChartDetection: 0
  m_ImportantGI: 0
  m_StitchLightmapSeams: 1
  m_SelectedEditorRenderState: 3
  m_MinimumChartSize: 4
  m_AutoUVMaxDistance: 0.5
  m_AutoUVMaxAngle: 89
  m_LightmapParameters: {fileID: 0}
  m_SortingLayerID: 0
  m_SortingLayer: 0
  m_SortingOrder: 0
--- !u!1 &5802865500168075804
GameObject:
  m_ObjectHideFlags: 0
  m_CorrespondingSourceObject: {fileID: 0}
  m_PrefabInstance: {fileID: 0}
  m_PrefabAsset: {fileID: 0}
  serializedVersion: 6
  m_Component:
  - component: {fileID: 5446791771184939578}
  - component: {fileID: 6081698459660537275}
  - component: {fileID: 1283260375629802806}
  m_Layer: 0
  m_Name: polySurface6
  m_TagString: Untagged
  m_Icon: {fileID: 0}
  m_NavMeshLayer: 0
  m_StaticEditorFlags: 0
  m_IsActive: 1
--- !u!4 &5446791771184939578
Transform:
  m_ObjectHideFlags: 0
  m_CorrespondingSourceObject: {fileID: 0}
  m_PrefabInstance: {fileID: 0}
  m_PrefabAsset: {fileID: 0}
  m_GameObject: {fileID: 5802865500168075804}
  m_LocalRotation: {x: 0, y: -0, z: -0, w: 1}
  m_LocalPosition: {x: 0.4328615, y: -0.4694396, z: 0.0068824706}
  m_LocalScale: {x: 1, y: 1, z: 1}
  m_Children: []
  m_Father: {fileID: 8065122545433276683}
  m_RootOrder: 5
  m_LocalEulerAnglesHint: {x: 0, y: 0, z: 0}
--- !u!33 &6081698459660537275
MeshFilter:
  m_ObjectHideFlags: 0
  m_CorrespondingSourceObject: {fileID: 0}
  m_PrefabInstance: {fileID: 0}
  m_PrefabAsset: {fileID: 0}
  m_GameObject: {fileID: 5802865500168075804}
  m_Mesh: {fileID: -5546347261141537002, guid: f65a92d7b9702b34088a3240833d69e8, type: 3}
--- !u!23 &1283260375629802806
MeshRenderer:
  m_ObjectHideFlags: 0
  m_CorrespondingSourceObject: {fileID: 0}
  m_PrefabInstance: {fileID: 0}
  m_PrefabAsset: {fileID: 0}
  m_GameObject: {fileID: 5802865500168075804}
  m_Enabled: 1
  m_CastShadows: 1
  m_ReceiveShadows: 1
  m_DynamicOccludee: 1
  m_MotionVectors: 1
  m_LightProbeUsage: 1
  m_ReflectionProbeUsage: 1
  m_RayTracingMode: 2
  m_RenderingLayerMask: 1
  m_RendererPriority: 0
  m_Materials:
  - {fileID: 2100000, guid: 90589cba0c2da714196ef033a07a7d94, type: 2}
  m_StaticBatchInfo:
    firstSubMesh: 0
    subMeshCount: 0
  m_StaticBatchRoot: {fileID: 0}
  m_ProbeAnchor: {fileID: 0}
  m_LightProbeVolumeOverride: {fileID: 0}
  m_ScaleInLightmap: 1
  m_ReceiveGI: 1
  m_PreserveUVs: 0
  m_IgnoreNormalsForChartDetection: 0
  m_ImportantGI: 0
  m_StitchLightmapSeams: 1
  m_SelectedEditorRenderState: 3
  m_MinimumChartSize: 4
  m_AutoUVMaxDistance: 0.5
  m_AutoUVMaxAngle: 89
  m_LightmapParameters: {fileID: 0}
  m_SortingLayerID: 0
  m_SortingLayer: 0
  m_SortingOrder: 0
--- !u!1 &6099362384400960346
GameObject:
  m_ObjectHideFlags: 0
  m_CorrespondingSourceObject: {fileID: 0}
  m_PrefabInstance: {fileID: 0}
  m_PrefabAsset: {fileID: 0}
  serializedVersion: 6
  m_Component:
  - component: {fileID: 8282837890669212970}
  - component: {fileID: 7576218199953167832}
  - component: {fileID: 2696892034321557868}
  m_Layer: 0
  m_Name: polySurface7
  m_TagString: Untagged
  m_Icon: {fileID: 0}
  m_NavMeshLayer: 0
  m_StaticEditorFlags: 0
  m_IsActive: 1
--- !u!4 &8282837890669212970
Transform:
  m_ObjectHideFlags: 0
  m_CorrespondingSourceObject: {fileID: 0}
  m_PrefabInstance: {fileID: 0}
  m_PrefabAsset: {fileID: 0}
  m_GameObject: {fileID: 6099362384400960346}
  m_LocalRotation: {x: 0, y: -0, z: -0, w: 1}
  m_LocalPosition: {x: -0.40892044, y: -0.98240054, z: 0.3563569}
  m_LocalScale: {x: 1, y: 1, z: 1}
  m_Children: []
  m_Father: {fileID: 8065122545433276683}
  m_RootOrder: 6
  m_LocalEulerAnglesHint: {x: 0, y: 0, z: 0}
--- !u!33 &7576218199953167832
MeshFilter:
  m_ObjectHideFlags: 0
  m_CorrespondingSourceObject: {fileID: 0}
  m_PrefabInstance: {fileID: 0}
  m_PrefabAsset: {fileID: 0}
  m_GameObject: {fileID: 6099362384400960346}
  m_Mesh: {fileID: -7843526606762953986, guid: f65a92d7b9702b34088a3240833d69e8, type: 3}
--- !u!23 &2696892034321557868
MeshRenderer:
  m_ObjectHideFlags: 0
  m_CorrespondingSourceObject: {fileID: 0}
  m_PrefabInstance: {fileID: 0}
  m_PrefabAsset: {fileID: 0}
  m_GameObject: {fileID: 6099362384400960346}
  m_Enabled: 1
  m_CastShadows: 1
  m_ReceiveShadows: 1
  m_DynamicOccludee: 1
  m_MotionVectors: 1
  m_LightProbeUsage: 1
  m_ReflectionProbeUsage: 1
  m_RayTracingMode: 2
  m_RenderingLayerMask: 1
  m_RendererPriority: 0
  m_Materials:
  - {fileID: 2100000, guid: 90589cba0c2da714196ef033a07a7d94, type: 2}
  m_StaticBatchInfo:
    firstSubMesh: 0
    subMeshCount: 0
  m_StaticBatchRoot: {fileID: 0}
  m_ProbeAnchor: {fileID: 0}
  m_LightProbeVolumeOverride: {fileID: 0}
  m_ScaleInLightmap: 1
  m_ReceiveGI: 1
  m_PreserveUVs: 0
  m_IgnoreNormalsForChartDetection: 0
  m_ImportantGI: 0
  m_StitchLightmapSeams: 1
  m_SelectedEditorRenderState: 3
  m_MinimumChartSize: 4
  m_AutoUVMaxDistance: 0.5
  m_AutoUVMaxAngle: 89
  m_LightmapParameters: {fileID: 0}
  m_SortingLayerID: 0
  m_SortingLayer: 0
  m_SortingOrder: 0
--- !u!1 &6148293889019533484
GameObject:
  m_ObjectHideFlags: 0
  m_CorrespondingSourceObject: {fileID: 0}
  m_PrefabInstance: {fileID: 0}
  m_PrefabAsset: {fileID: 0}
  serializedVersion: 6
  m_Component:
  - component: {fileID: 7846643769605286663}
  - component: {fileID: 5673853044204839607}
  - component: {fileID: 8159742524051763265}
  m_Layer: 0
  m_Name: polySurface9
  m_TagString: Untagged
  m_Icon: {fileID: 0}
  m_NavMeshLayer: 0
  m_StaticEditorFlags: 0
  m_IsActive: 1
--- !u!4 &7846643769605286663
Transform:
  m_ObjectHideFlags: 0
  m_CorrespondingSourceObject: {fileID: 0}
  m_PrefabInstance: {fileID: 0}
  m_PrefabAsset: {fileID: 0}
  m_GameObject: {fileID: 6148293889019533484}
  m_LocalRotation: {x: 0, y: -0, z: -0, w: 1}
  m_LocalPosition: {x: -0.14066735, y: 0, z: -0.012726593}
  m_LocalScale: {x: 1, y: 1, z: 1}
  m_Children: []
  m_Father: {fileID: 2193678326627782183}
  m_RootOrder: 0
  m_LocalEulerAnglesHint: {x: 0, y: 0, z: 0}
--- !u!33 &5673853044204839607
MeshFilter:
  m_ObjectHideFlags: 0
  m_CorrespondingSourceObject: {fileID: 0}
  m_PrefabInstance: {fileID: 0}
  m_PrefabAsset: {fileID: 0}
  m_GameObject: {fileID: 6148293889019533484}
  m_Mesh: {fileID: 2297425034801156755, guid: f65a92d7b9702b34088a3240833d69e8, type: 3}
--- !u!23 &8159742524051763265
MeshRenderer:
  m_ObjectHideFlags: 0
  m_CorrespondingSourceObject: {fileID: 0}
  m_PrefabInstance: {fileID: 0}
  m_PrefabAsset: {fileID: 0}
  m_GameObject: {fileID: 6148293889019533484}
  m_Enabled: 1
  m_CastShadows: 1
  m_ReceiveShadows: 1
  m_DynamicOccludee: 1
  m_MotionVectors: 1
  m_LightProbeUsage: 1
  m_ReflectionProbeUsage: 1
  m_RayTracingMode: 2
  m_RenderingLayerMask: 1
  m_RendererPriority: 0
  m_Materials:
  - {fileID: 2100000, guid: bb95e08e71c1d0b47855e011c1bbff64, type: 2}
  m_StaticBatchInfo:
    firstSubMesh: 0
    subMeshCount: 0
  m_StaticBatchRoot: {fileID: 0}
  m_ProbeAnchor: {fileID: 0}
  m_LightProbeVolumeOverride: {fileID: 0}
  m_ScaleInLightmap: 1
  m_ReceiveGI: 1
  m_PreserveUVs: 0
  m_IgnoreNormalsForChartDetection: 0
  m_ImportantGI: 0
  m_StitchLightmapSeams: 1
  m_SelectedEditorRenderState: 3
  m_MinimumChartSize: 4
  m_AutoUVMaxDistance: 0.5
  m_AutoUVMaxAngle: 89
  m_LightmapParameters: {fileID: 0}
  m_SortingLayerID: 0
  m_SortingLayer: 0
  m_SortingOrder: 0
--- !u!1 &6251396783574291435
GameObject:
  m_ObjectHideFlags: 0
  m_CorrespondingSourceObject: {fileID: 0}
  m_PrefabInstance: {fileID: 0}
  m_PrefabAsset: {fileID: 0}
  serializedVersion: 6
  m_Component:
  - component: {fileID: 8982083343127390771}
  - component: {fileID: 2270614755657798894}
  - component: {fileID: 7286409065395232280}
  m_Layer: 0
  m_Name: lymph_node_external_with_vessels
  m_TagString: Untagged
  m_Icon: {fileID: 0}
  m_NavMeshLayer: 0
  m_StaticEditorFlags: 0
  m_IsActive: 1
--- !u!4 &8982083343127390771
Transform:
  m_ObjectHideFlags: 0
  m_CorrespondingSourceObject: {fileID: 0}
  m_PrefabInstance: {fileID: 0}
  m_PrefabAsset: {fileID: 0}
  m_GameObject: {fileID: 6251396783574291435}
  m_LocalRotation: {x: 0, y: -0, z: -0, w: 1}
  m_LocalPosition: {x: 0.0000013896647, y: 0.00022632474, z: -0.00000059243445}
  m_LocalScale: {x: 1, y: 1, z: 1}
  m_Children: []
  m_Father: {fileID: 4414042497287019823}
  m_RootOrder: 0
  m_LocalEulerAnglesHint: {x: 0, y: 0, z: 0}
--- !u!33 &2270614755657798894
MeshFilter:
  m_ObjectHideFlags: 0
  m_CorrespondingSourceObject: {fileID: 0}
  m_PrefabInstance: {fileID: 0}
  m_PrefabAsset: {fileID: 0}
  m_GameObject: {fileID: 6251396783574291435}
  m_Mesh: {fileID: -4953303295133442023, guid: f65a92d7b9702b34088a3240833d69e8, type: 3}
--- !u!23 &7286409065395232280
MeshRenderer:
  m_ObjectHideFlags: 0
  m_CorrespondingSourceObject: {fileID: 0}
  m_PrefabInstance: {fileID: 0}
  m_PrefabAsset: {fileID: 0}
  m_GameObject: {fileID: 6251396783574291435}
  m_Enabled: 1
  m_CastShadows: 1
  m_ReceiveShadows: 1
  m_DynamicOccludee: 1
  m_MotionVectors: 1
  m_LightProbeUsage: 1
  m_ReflectionProbeUsage: 1
  m_RayTracingMode: 2
  m_RenderingLayerMask: 1
  m_RendererPriority: 0
  m_Materials:
  - {fileID: 2100000, guid: 72cd23d5df4566d4484bfaa843b6a7db, type: 2}
  m_StaticBatchInfo:
    firstSubMesh: 0
    subMeshCount: 0
  m_StaticBatchRoot: {fileID: 0}
  m_ProbeAnchor: {fileID: 0}
  m_LightProbeVolumeOverride: {fileID: 0}
  m_ScaleInLightmap: 1
  m_ReceiveGI: 1
  m_PreserveUVs: 0
  m_IgnoreNormalsForChartDetection: 0
  m_ImportantGI: 0
  m_StitchLightmapSeams: 1
  m_SelectedEditorRenderState: 3
  m_MinimumChartSize: 4
  m_AutoUVMaxDistance: 0.5
  m_AutoUVMaxAngle: 89
  m_LightmapParameters: {fileID: 0}
  m_SortingLayerID: 0
  m_SortingLayer: 0
  m_SortingOrder: 0
--- !u!1 &6663105358744777014
GameObject:
  m_ObjectHideFlags: 0
  m_CorrespondingSourceObject: {fileID: 0}
  m_PrefabInstance: {fileID: 0}
  m_PrefabAsset: {fileID: 0}
  serializedVersion: 6
  m_Component:
  - component: {fileID: 1482198148045587354}
  - component: {fileID: 3103032255622416251}
  - component: {fileID: 7288778211433930002}
  m_Layer: 0
  m_Name: polySurface5
  m_TagString: Untagged
  m_Icon: {fileID: 0}
  m_NavMeshLayer: 0
  m_StaticEditorFlags: 0
  m_IsActive: 1
--- !u!4 &1482198148045587354
Transform:
  m_ObjectHideFlags: 0
  m_CorrespondingSourceObject: {fileID: 0}
  m_PrefabInstance: {fileID: 0}
  m_PrefabAsset: {fileID: 0}
  m_GameObject: {fileID: 6663105358744777014}
  m_LocalRotation: {x: 0, y: -0, z: -0, w: 1}
  m_LocalPosition: {x: -0.269391, y: -0.61980855, z: -0.3682134}
  m_LocalScale: {x: 1, y: 1, z: 1}
  m_Children: []
  m_Father: {fileID: 8065122545433276683}
  m_RootOrder: 4
  m_LocalEulerAnglesHint: {x: 0, y: 0, z: 0}
--- !u!33 &3103032255622416251
MeshFilter:
  m_ObjectHideFlags: 0
  m_CorrespondingSourceObject: {fileID: 0}
  m_PrefabInstance: {fileID: 0}
  m_PrefabAsset: {fileID: 0}
  m_GameObject: {fileID: 6663105358744777014}
  m_Mesh: {fileID: -4545423930167495100, guid: f65a92d7b9702b34088a3240833d69e8, type: 3}
--- !u!23 &7288778211433930002
MeshRenderer:
  m_ObjectHideFlags: 0
  m_CorrespondingSourceObject: {fileID: 0}
  m_PrefabInstance: {fileID: 0}
  m_PrefabAsset: {fileID: 0}
  m_GameObject: {fileID: 6663105358744777014}
  m_Enabled: 1
  m_CastShadows: 1
  m_ReceiveShadows: 1
  m_DynamicOccludee: 1
  m_MotionVectors: 1
  m_LightProbeUsage: 1
  m_ReflectionProbeUsage: 1
  m_RayTracingMode: 2
  m_RenderingLayerMask: 1
  m_RendererPriority: 0
  m_Materials:
  - {fileID: 2100000, guid: 90589cba0c2da714196ef033a07a7d94, type: 2}
  m_StaticBatchInfo:
    firstSubMesh: 0
    subMeshCount: 0
  m_StaticBatchRoot: {fileID: 0}
  m_ProbeAnchor: {fileID: 0}
  m_LightProbeVolumeOverride: {fileID: 0}
  m_ScaleInLightmap: 1
  m_ReceiveGI: 1
  m_PreserveUVs: 0
  m_IgnoreNormalsForChartDetection: 0
  m_ImportantGI: 0
  m_StitchLightmapSeams: 1
  m_SelectedEditorRenderState: 3
  m_MinimumChartSize: 4
  m_AutoUVMaxDistance: 0.5
  m_AutoUVMaxAngle: 89
  m_LightmapParameters: {fileID: 0}
  m_SortingLayerID: 0
  m_SortingLayer: 0
  m_SortingOrder: 0
--- !u!1 &7387299277693714111
GameObject:
  m_ObjectHideFlags: 0
  m_CorrespondingSourceObject: {fileID: 0}
  m_PrefabInstance: {fileID: 0}
  m_PrefabAsset: {fileID: 0}
  serializedVersion: 6
  m_Component:
  - component: {fileID: 6755853790834065271}
  - component: {fileID: 6140421820893175471}
  - component: {fileID: 8126449942037875159}
  m_Layer: 0
  m_Name: polySurface1
  m_TagString: Untagged
  m_Icon: {fileID: 0}
  m_NavMeshLayer: 0
  m_StaticEditorFlags: 0
  m_IsActive: 1
--- !u!4 &6755853790834065271
Transform:
  m_ObjectHideFlags: 0
  m_CorrespondingSourceObject: {fileID: 0}
  m_PrefabInstance: {fileID: 0}
  m_PrefabAsset: {fileID: 0}
  m_GameObject: {fileID: 7387299277693714111}
  m_LocalRotation: {x: 0, y: -0, z: -0, w: 1}
  m_LocalPosition: {x: 0.48601493, y: 0.70245785, z: 0.6749205}
  m_LocalScale: {x: 1, y: 1, z: 1}
  m_Children: []
  m_Father: {fileID: 8065122545433276683}
  m_RootOrder: 0
  m_LocalEulerAnglesHint: {x: 0, y: 0, z: 0}
--- !u!33 &6140421820893175471
MeshFilter:
  m_ObjectHideFlags: 0
  m_CorrespondingSourceObject: {fileID: 0}
  m_PrefabInstance: {fileID: 0}
  m_PrefabAsset: {fileID: 0}
  m_GameObject: {fileID: 7387299277693714111}
  m_Mesh: {fileID: 6329158148709259305, guid: f65a92d7b9702b34088a3240833d69e8, type: 3}
--- !u!23 &8126449942037875159
MeshRenderer:
  m_ObjectHideFlags: 0
  m_CorrespondingSourceObject: {fileID: 0}
  m_PrefabInstance: {fileID: 0}
  m_PrefabAsset: {fileID: 0}
  m_GameObject: {fileID: 7387299277693714111}
  m_Enabled: 1
  m_CastShadows: 1
  m_ReceiveShadows: 1
  m_DynamicOccludee: 1
  m_MotionVectors: 1
  m_LightProbeUsage: 1
  m_ReflectionProbeUsage: 1
  m_RayTracingMode: 2
  m_RenderingLayerMask: 1
  m_RendererPriority: 0
  m_Materials:
  - {fileID: 2100000, guid: 90589cba0c2da714196ef033a07a7d94, type: 2}
  m_StaticBatchInfo:
    firstSubMesh: 0
    subMeshCount: 0
  m_StaticBatchRoot: {fileID: 0}
  m_ProbeAnchor: {fileID: 0}
  m_LightProbeVolumeOverride: {fileID: 0}
  m_ScaleInLightmap: 1
  m_ReceiveGI: 1
  m_PreserveUVs: 0
  m_IgnoreNormalsForChartDetection: 0
  m_ImportantGI: 0
  m_StitchLightmapSeams: 1
  m_SelectedEditorRenderState: 3
  m_MinimumChartSize: 4
  m_AutoUVMaxDistance: 0.5
  m_AutoUVMaxAngle: 89
  m_LightmapParameters: {fileID: 0}
  m_SortingLayerID: 0
  m_SortingLayer: 0
  m_SortingOrder: 0
--- !u!1 &8971193197001513283
GameObject:
  m_ObjectHideFlags: 0
  m_CorrespondingSourceObject: {fileID: 0}
  m_PrefabInstance: {fileID: 0}
  m_PrefabAsset: {fileID: 0}
  serializedVersion: 6
  m_Component:
  - component: {fileID: 5797203605651727230}
  - component: {fileID: 5170553012761299985}
  - component: {fileID: 1197746206355426055}
  m_Layer: 0
  m_Name: polySurface2
  m_TagString: Untagged
  m_Icon: {fileID: 0}
  m_NavMeshLayer: 0
  m_StaticEditorFlags: 0
  m_IsActive: 1
--- !u!4 &5797203605651727230
Transform:
  m_ObjectHideFlags: 0
  m_CorrespondingSourceObject: {fileID: 0}
  m_PrefabInstance: {fileID: 0}
  m_PrefabAsset: {fileID: 0}
  m_GameObject: {fileID: 8971193197001513283}
  m_LocalRotation: {x: 0, y: -0, z: -0, w: 1}
  m_LocalPosition: {x: -0.03281148, y: 0.99039745, z: -0.059516545}
  m_LocalScale: {x: 1, y: 1, z: 1}
  m_Children: []
  m_Father: {fileID: 8065122545433276683}
  m_RootOrder: 1
  m_LocalEulerAnglesHint: {x: 0, y: 0, z: 0}
--- !u!33 &5170553012761299985
MeshFilter:
  m_ObjectHideFlags: 0
  m_CorrespondingSourceObject: {fileID: 0}
  m_PrefabInstance: {fileID: 0}
  m_PrefabAsset: {fileID: 0}
  m_GameObject: {fileID: 8971193197001513283}
  m_Mesh: {fileID: -5597002278806442958, guid: f65a92d7b9702b34088a3240833d69e8, type: 3}
--- !u!23 &1197746206355426055
MeshRenderer:
  m_ObjectHideFlags: 0
  m_CorrespondingSourceObject: {fileID: 0}
  m_PrefabInstance: {fileID: 0}
  m_PrefabAsset: {fileID: 0}
  m_GameObject: {fileID: 8971193197001513283}
  m_Enabled: 1
  m_CastShadows: 1
  m_ReceiveShadows: 1
  m_DynamicOccludee: 1
  m_MotionVectors: 1
  m_LightProbeUsage: 1
  m_ReflectionProbeUsage: 1
  m_RayTracingMode: 2
  m_RenderingLayerMask: 1
  m_RendererPriority: 0
  m_Materials:
  - {fileID: 2100000, guid: 90589cba0c2da714196ef033a07a7d94, type: 2}
  m_StaticBatchInfo:
    firstSubMesh: 0
    subMeshCount: 0
  m_StaticBatchRoot: {fileID: 0}
  m_ProbeAnchor: {fileID: 0}
  m_LightProbeVolumeOverride: {fileID: 0}
  m_ScaleInLightmap: 1
  m_ReceiveGI: 1
  m_PreserveUVs: 0
  m_IgnoreNormalsForChartDetection: 0
  m_ImportantGI: 0
  m_StitchLightmapSeams: 1
  m_SelectedEditorRenderState: 3
  m_MinimumChartSize: 4
  m_AutoUVMaxDistance: 0.5
  m_AutoUVMaxAngle: 89
  m_LightmapParameters: {fileID: 0}
  m_SortingLayerID: 0
  m_SortingLayer: 0
  m_SortingOrder: 0
--- !u!1001 &192196533204045528
PrefabInstance:
  m_ObjectHideFlags: 0
  serializedVersion: 2
  m_Modification:
    m_TransformParent: {fileID: 4414042497287019823}
    m_Modifications:
    - target: {fileID: 100000, guid: 1953e67a17effea4d899743b421cd5ff, type: 3}
      propertyPath: m_Name
      value: sphere3 (1)
      objectReference: {fileID: 0}
    - target: {fileID: 400000, guid: 1953e67a17effea4d899743b421cd5ff, type: 3}
      propertyPath: m_LocalPosition.x
      value: 0.473
      objectReference: {fileID: 0}
    - target: {fileID: 400000, guid: 1953e67a17effea4d899743b421cd5ff, type: 3}
      propertyPath: m_LocalPosition.y
      value: 0.37
      objectReference: {fileID: 0}
    - target: {fileID: 400000, guid: 1953e67a17effea4d899743b421cd5ff, type: 3}
      propertyPath: m_LocalPosition.z
      value: 0.399
      objectReference: {fileID: 0}
    - target: {fileID: 400000, guid: 1953e67a17effea4d899743b421cd5ff, type: 3}
      propertyPath: m_LocalRotation.x
      value: 0.28306317
      objectReference: {fileID: 0}
    - target: {fileID: 400000, guid: 1953e67a17effea4d899743b421cd5ff, type: 3}
      propertyPath: m_LocalRotation.y
      value: 0.80607593
      objectReference: {fileID: 0}
    - target: {fileID: 400000, guid: 1953e67a17effea4d899743b421cd5ff, type: 3}
      propertyPath: m_LocalRotation.z
      value: -0.5188727
      objectReference: {fileID: 0}
    - target: {fileID: 400000, guid: 1953e67a17effea4d899743b421cd5ff, type: 3}
      propertyPath: m_LocalRotation.w
      value: -0.029799245
      objectReference: {fileID: 0}
    - target: {fileID: 400000, guid: 1953e67a17effea4d899743b421cd5ff, type: 3}
      propertyPath: m_RootOrder
      value: 12
      objectReference: {fileID: 0}
    - target: {fileID: 400000, guid: 1953e67a17effea4d899743b421cd5ff, type: 3}
      propertyPath: m_LocalEulerAnglesHint.x
      value: 55.048004
      objectReference: {fileID: 0}
    - target: {fileID: 400000, guid: 1953e67a17effea4d899743b421cd5ff, type: 3}
      propertyPath: m_LocalEulerAnglesHint.y
      value: 216.627
      objectReference: {fileID: 0}
    - target: {fileID: 400000, guid: 1953e67a17effea4d899743b421cd5ff, type: 3}
      propertyPath: m_LocalEulerAnglesHint.z
      value: 58.270004
      objectReference: {fileID: 0}
    - target: {fileID: 400000, guid: 1953e67a17effea4d899743b421cd5ff, type: 3}
      propertyPath: m_LocalScale.x
      value: 0.059819363
      objectReference: {fileID: 0}
    - target: {fileID: 400000, guid: 1953e67a17effea4d899743b421cd5ff, type: 3}
      propertyPath: m_LocalScale.y
      value: 0.0715978
      objectReference: {fileID: 0}
    - target: {fileID: 400000, guid: 1953e67a17effea4d899743b421cd5ff, type: 3}
      propertyPath: m_LocalScale.z
      value: 0.07958368
      objectReference: {fileID: 0}
    - target: {fileID: 2300000, guid: 1953e67a17effea4d899743b421cd5ff, type: 3}
      propertyPath: m_Materials.Array.data[0]
      value: 
      objectReference: {fileID: 2100000, guid: 9634d2f41ca17ae4c984e1391d36b32d, type: 2}
    m_RemovedComponents: []
  m_SourcePrefab: {fileID: 100100000, guid: 1953e67a17effea4d899743b421cd5ff, type: 3}
--- !u!4 &192196533204440152 stripped
Transform:
  m_CorrespondingSourceObject: {fileID: 400000, guid: 1953e67a17effea4d899743b421cd5ff,
    type: 3}
  m_PrefabInstance: {fileID: 192196533204045528}
  m_PrefabAsset: {fileID: 0}
--- !u!1001 &671910178423402202
PrefabInstance:
  m_ObjectHideFlags: 0
  serializedVersion: 2
  m_Modification:
    m_TransformParent: {fileID: 4414042497287019823}
    m_Modifications:
    - target: {fileID: 100000, guid: 531070c8649ab2e4598cac44af06cabb, type: 3}
      propertyPath: m_Name
      value: sphere2
      objectReference: {fileID: 0}
    - target: {fileID: 400000, guid: 531070c8649ab2e4598cac44af06cabb, type: 3}
      propertyPath: m_LocalPosition.x
      value: 0.501
      objectReference: {fileID: 0}
    - target: {fileID: 400000, guid: 531070c8649ab2e4598cac44af06cabb, type: 3}
      propertyPath: m_LocalPosition.y
      value: -0.924
      objectReference: {fileID: 0}
    - target: {fileID: 400000, guid: 531070c8649ab2e4598cac44af06cabb, type: 3}
      propertyPath: m_LocalPosition.z
      value: 0.141
      objectReference: {fileID: 0}
    - target: {fileID: 400000, guid: 531070c8649ab2e4598cac44af06cabb, type: 3}
      propertyPath: m_LocalRotation.x
      value: -0.32316017
      objectReference: {fileID: 0}
    - target: {fileID: 400000, guid: 531070c8649ab2e4598cac44af06cabb, type: 3}
      propertyPath: m_LocalRotation.y
      value: 0.0025909394
      objectReference: {fileID: 0}
    - target: {fileID: 400000, guid: 531070c8649ab2e4598cac44af06cabb, type: 3}
      propertyPath: m_LocalRotation.z
      value: 0.6771011
      objectReference: {fileID: 0}
    - target: {fileID: 400000, guid: 531070c8649ab2e4598cac44af06cabb, type: 3}
      propertyPath: m_LocalRotation.w
      value: 0.66113156
      objectReference: {fileID: 0}
    - target: {fileID: 400000, guid: 531070c8649ab2e4598cac44af06cabb, type: 3}
      propertyPath: m_RootOrder
      value: 4
      objectReference: {fileID: 0}
    - target: {fileID: 400000, guid: 531070c8649ab2e4598cac44af06cabb, type: 3}
      propertyPath: m_LocalEulerAnglesHint.x
      value: -25.519001
      objectReference: {fileID: 0}
    - target: {fileID: 400000, guid: 531070c8649ab2e4598cac44af06cabb, type: 3}
      propertyPath: m_LocalEulerAnglesHint.y
      value: -28.760002
      objectReference: {fileID: 0}
    - target: {fileID: 400000, guid: 531070c8649ab2e4598cac44af06cabb, type: 3}
      propertyPath: m_LocalEulerAnglesHint.z
      value: 98.01301
      objectReference: {fileID: 0}
    - target: {fileID: 400000, guid: 531070c8649ab2e4598cac44af06cabb, type: 3}
      propertyPath: m_LocalScale.x
      value: 0.1761496
      objectReference: {fileID: 0}
    - target: {fileID: 400000, guid: 531070c8649ab2e4598cac44af06cabb, type: 3}
      propertyPath: m_LocalScale.y
      value: 0.1761496
      objectReference: {fileID: 0}
    - target: {fileID: 400000, guid: 531070c8649ab2e4598cac44af06cabb, type: 3}
      propertyPath: m_LocalScale.z
      value: 0.1761496
      objectReference: {fileID: 0}
    - target: {fileID: 2300000, guid: 531070c8649ab2e4598cac44af06cabb, type: 3}
      propertyPath: m_Materials.Array.data[0]
      value: 
      objectReference: {fileID: 2100000, guid: 9634d2f41ca17ae4c984e1391d36b32d, type: 2}
    m_RemovedComponents: []
  m_SourcePrefab: {fileID: 100100000, guid: 531070c8649ab2e4598cac44af06cabb, type: 3}
--- !u!4 &671910178423272538 stripped
Transform:
  m_CorrespondingSourceObject: {fileID: 400000, guid: 531070c8649ab2e4598cac44af06cabb,
    type: 3}
  m_PrefabInstance: {fileID: 671910178423402202}
  m_PrefabAsset: {fileID: 0}
--- !u!1001 &1181314715940806580
PrefabInstance:
  m_ObjectHideFlags: 0
  serializedVersion: 2
  m_Modification:
    m_TransformParent: {fileID: 4414042497287019823}
    m_Modifications:
    - target: {fileID: -8679921383154817045, guid: a0961dc51829f6540b83108043827d5e,
        type: 3}
      propertyPath: m_LocalPosition.x
      value: -0.836
      objectReference: {fileID: 0}
    - target: {fileID: -8679921383154817045, guid: a0961dc51829f6540b83108043827d5e,
        type: 3}
      propertyPath: m_LocalPosition.y
      value: 0.316
      objectReference: {fileID: 0}
    - target: {fileID: -8679921383154817045, guid: a0961dc51829f6540b83108043827d5e,
        type: 3}
      propertyPath: m_LocalPosition.z
      value: 0.123
      objectReference: {fileID: 0}
    - target: {fileID: -8679921383154817045, guid: a0961dc51829f6540b83108043827d5e,
        type: 3}
      propertyPath: m_LocalRotation.x
      value: 0.041024648
      objectReference: {fileID: 0}
    - target: {fileID: -8679921383154817045, guid: a0961dc51829f6540b83108043827d5e,
        type: 3}
      propertyPath: m_LocalRotation.y
      value: 0.69542885
      objectReference: {fileID: 0}
    - target: {fileID: -8679921383154817045, guid: a0961dc51829f6540b83108043827d5e,
        type: 3}
      propertyPath: m_LocalRotation.z
      value: 0.086894415
      objectReference: {fileID: 0}
    - target: {fileID: -8679921383154817045, guid: a0961dc51829f6540b83108043827d5e,
        type: 3}
      propertyPath: m_LocalRotation.w
      value: 0.7121413
      objectReference: {fileID: 0}
    - target: {fileID: -8679921383154817045, guid: a0961dc51829f6540b83108043827d5e,
        type: 3}
      propertyPath: m_RootOrder
      value: 7
      objectReference: {fileID: 0}
    - target: {fileID: -8679921383154817045, guid: a0961dc51829f6540b83108043827d5e,
        type: 3}
      propertyPath: m_LocalEulerAnglesHint.x
      value: -3.5790002
      objectReference: {fileID: 0}
    - target: {fileID: -8679921383154817045, guid: a0961dc51829f6540b83108043827d5e,
        type: 3}
      propertyPath: m_LocalEulerAnglesHint.y
      value: 88.312004
      objectReference: {fileID: 0}
    - target: {fileID: -8679921383154817045, guid: a0961dc51829f6540b83108043827d5e,
        type: 3}
      propertyPath: m_LocalEulerAnglesHint.z
      value: 10.438001
      objectReference: {fileID: 0}
    - target: {fileID: -8679921383154817045, guid: a0961dc51829f6540b83108043827d5e,
        type: 3}
      propertyPath: m_LocalScale.x
      value: 0.19787814
      objectReference: {fileID: 0}
    - target: {fileID: -8679921383154817045, guid: a0961dc51829f6540b83108043827d5e,
        type: 3}
      propertyPath: m_LocalScale.y
      value: 0.19787814
      objectReference: {fileID: 0}
    - target: {fileID: -8679921383154817045, guid: a0961dc51829f6540b83108043827d5e,
        type: 3}
      propertyPath: m_LocalScale.z
      value: 0.1455275
      objectReference: {fileID: 0}
    - target: {fileID: -7511558181221131132, guid: a0961dc51829f6540b83108043827d5e,
        type: 3}
      propertyPath: m_Materials.Array.data[0]
      value: 
      objectReference: {fileID: 2100000, guid: 72cd23d5df4566d4484bfaa843b6a7db, type: 2}
    - target: {fileID: 919132149155446097, guid: a0961dc51829f6540b83108043827d5e,
        type: 3}
      propertyPath: m_Name
      value: Endothelial cell (2)
      objectReference: {fileID: 0}
    m_RemovedComponents: []
  m_SourcePrefab: {fileID: 100100000, guid: a0961dc51829f6540b83108043827d5e, type: 3}
--- !u!4 &1724427878271727711 stripped
Transform:
  m_CorrespondingSourceObject: {fileID: -8679921383154817045, guid: a0961dc51829f6540b83108043827d5e,
    type: 3}
  m_PrefabInstance: {fileID: 1181314715940806580}
  m_PrefabAsset: {fileID: 0}
--- !u!1001 &1320942775900556732
PrefabInstance:
  m_ObjectHideFlags: 0
  serializedVersion: 2
  m_Modification:
    m_TransformParent: {fileID: 4414042497287019823}
    m_Modifications:
    - target: {fileID: -8679921383154817045, guid: a0961dc51829f6540b83108043827d5e,
        type: 3}
      propertyPath: m_LocalPosition.x
      value: -0.954
      objectReference: {fileID: 0}
    - target: {fileID: -8679921383154817045, guid: a0961dc51829f6540b83108043827d5e,
        type: 3}
      propertyPath: m_LocalPosition.y
      value: -0.364
      objectReference: {fileID: 0}
    - target: {fileID: -8679921383154817045, guid: a0961dc51829f6540b83108043827d5e,
        type: 3}
      propertyPath: m_LocalPosition.z
      value: 0.021
      objectReference: {fileID: 0}
    - target: {fileID: -8679921383154817045, guid: a0961dc51829f6540b83108043827d5e,
        type: 3}
      propertyPath: m_LocalRotation.x
      value: -0.17788611
      objectReference: {fileID: 0}
    - target: {fileID: -8679921383154817045, guid: a0961dc51829f6540b83108043827d5e,
        type: 3}
      propertyPath: m_LocalRotation.y
      value: 0.3100598
      objectReference: {fileID: 0}
    - target: {fileID: -8679921383154817045, guid: a0961dc51829f6540b83108043827d5e,
        type: 3}
      propertyPath: m_LocalRotation.z
      value: 0.16354276
      objectReference: {fileID: 0}
    - target: {fileID: -8679921383154817045, guid: a0961dc51829f6540b83108043827d5e,
        type: 3}
      propertyPath: m_LocalRotation.w
      value: 0.91949624
      objectReference: {fileID: 0}
    - target: {fileID: -8679921383154817045, guid: a0961dc51829f6540b83108043827d5e,
        type: 3}
      propertyPath: m_RootOrder
      value: 2
      objectReference: {fileID: 0}
    - target: {fileID: -8679921383154817045, guid: a0961dc51829f6540b83108043827d5e,
        type: 3}
      propertyPath: m_LocalEulerAnglesHint.x
      value: -25.375002
      objectReference: {fileID: 0}
    - target: {fileID: -8679921383154817045, guid: a0961dc51829f6540b83108043827d5e,
        type: 3}
      propertyPath: m_LocalEulerAnglesHint.y
      value: 34.52
      objectReference: {fileID: 0}
    - target: {fileID: -8679921383154817045, guid: a0961dc51829f6540b83108043827d5e,
        type: 3}
      propertyPath: m_LocalEulerAnglesHint.z
      value: 12.168
      objectReference: {fileID: 0}
    - target: {fileID: -8679921383154817045, guid: a0961dc51829f6540b83108043827d5e,
        type: 3}
      propertyPath: m_LocalScale.x
      value: 0.1486206
      objectReference: {fileID: 0}
    - target: {fileID: -8679921383154817045, guid: a0961dc51829f6540b83108043827d5e,
        type: 3}
      propertyPath: m_LocalScale.y
      value: 0.1486206
      objectReference: {fileID: 0}
    - target: {fileID: -8679921383154817045, guid: a0961dc51829f6540b83108043827d5e,
        type: 3}
      propertyPath: m_LocalScale.z
      value: 0.1486206
      objectReference: {fileID: 0}
    - target: {fileID: -7511558181221131132, guid: a0961dc51829f6540b83108043827d5e,
        type: 3}
      propertyPath: m_Materials.Array.data[0]
      value: 
      objectReference: {fileID: 2100000, guid: 72cd23d5df4566d4484bfaa843b6a7db, type: 2}
    - target: {fileID: 919132149155446097, guid: a0961dc51829f6540b83108043827d5e,
        type: 3}
      propertyPath: m_Name
      value: Endothelial cell
      objectReference: {fileID: 0}
    m_RemovedComponents: []
  m_SourcePrefab: {fileID: 100100000, guid: a0961dc51829f6540b83108043827d5e, type: 3}
--- !u!4 &1575792619023673943 stripped
Transform:
  m_CorrespondingSourceObject: {fileID: -8679921383154817045, guid: a0961dc51829f6540b83108043827d5e,
    type: 3}
  m_PrefabInstance: {fileID: 1320942775900556732}
  m_PrefabAsset: {fileID: 0}
--- !u!1001 &1350763393292395612
PrefabInstance:
  m_ObjectHideFlags: 0
  serializedVersion: 2
  m_Modification:
    m_TransformParent: {fileID: 4414042497287019823}
    m_Modifications:
    - target: {fileID: 100000, guid: 1953e67a17effea4d899743b421cd5ff, type: 3}
      propertyPath: m_Name
      value: sphere3
      objectReference: {fileID: 0}
    - target: {fileID: 400000, guid: 1953e67a17effea4d899743b421cd5ff, type: 3}
      propertyPath: m_LocalPosition.x
      value: -0.119
      objectReference: {fileID: 0}
    - target: {fileID: 400000, guid: 1953e67a17effea4d899743b421cd5ff, type: 3}
      propertyPath: m_LocalPosition.y
      value: 0.196
      objectReference: {fileID: 0}
    - target: {fileID: 400000, guid: 1953e67a17effea4d899743b421cd5ff, type: 3}
      propertyPath: m_LocalPosition.z
      value: 0.117
      objectReference: {fileID: 0}
    - target: {fileID: 400000, guid: 1953e67a17effea4d899743b421cd5ff, type: 3}
      propertyPath: m_LocalRotation.x
      value: 0
      objectReference: {fileID: 0}
    - target: {fileID: 400000, guid: 1953e67a17effea4d899743b421cd5ff, type: 3}
      propertyPath: m_LocalRotation.y
      value: -0
      objectReference: {fileID: 0}
    - target: {fileID: 400000, guid: 1953e67a17effea4d899743b421cd5ff, type: 3}
      propertyPath: m_LocalRotation.z
      value: -0
      objectReference: {fileID: 0}
    - target: {fileID: 400000, guid: 1953e67a17effea4d899743b421cd5ff, type: 3}
      propertyPath: m_LocalRotation.w
      value: 1
      objectReference: {fileID: 0}
    - target: {fileID: 400000, guid: 1953e67a17effea4d899743b421cd5ff, type: 3}
      propertyPath: m_RootOrder
      value: 11
      objectReference: {fileID: 0}
    - target: {fileID: 400000, guid: 1953e67a17effea4d899743b421cd5ff, type: 3}
      propertyPath: m_LocalEulerAnglesHint.x
      value: 0
      objectReference: {fileID: 0}
    - target: {fileID: 400000, guid: 1953e67a17effea4d899743b421cd5ff, type: 3}
      propertyPath: m_LocalEulerAnglesHint.y
      value: 0
      objectReference: {fileID: 0}
    - target: {fileID: 400000, guid: 1953e67a17effea4d899743b421cd5ff, type: 3}
      propertyPath: m_LocalEulerAnglesHint.z
      value: 0
      objectReference: {fileID: 0}
    - target: {fileID: 400000, guid: 1953e67a17effea4d899743b421cd5ff, type: 3}
      propertyPath: m_LocalScale.x
      value: 0.0880616
      objectReference: {fileID: 0}
    - target: {fileID: 400000, guid: 1953e67a17effea4d899743b421cd5ff, type: 3}
      propertyPath: m_LocalScale.y
      value: 0.0880616
      objectReference: {fileID: 0}
    - target: {fileID: 400000, guid: 1953e67a17effea4d899743b421cd5ff, type: 3}
      propertyPath: m_LocalScale.z
      value: 0.0880616
      objectReference: {fileID: 0}
    - target: {fileID: 2300000, guid: 1953e67a17effea4d899743b421cd5ff, type: 3}
      propertyPath: m_Materials.Array.data[0]
      value: 
      objectReference: {fileID: 2100000, guid: 9634d2f41ca17ae4c984e1391d36b32d, type: 2}
    m_RemovedComponents: []
  m_SourcePrefab: {fileID: 100100000, guid: 1953e67a17effea4d899743b421cd5ff, type: 3}
--- !u!4 &1350763393292533468 stripped
Transform:
  m_CorrespondingSourceObject: {fileID: 400000, guid: 1953e67a17effea4d899743b421cd5ff,
    type: 3}
  m_PrefabInstance: {fileID: 1350763393292395612}
  m_PrefabAsset: {fileID: 0}
--- !u!1001 &2498329472968775599
PrefabInstance:
  m_ObjectHideFlags: 0
  serializedVersion: 2
  m_Modification:
    m_TransformParent: {fileID: 4414042497287019823}
    m_Modifications:
    - target: {fileID: 100000, guid: 4be22100a41ea1a489bb39b42492da35, type: 3}
      propertyPath: m_Name
      value: sphere1 (1)
      objectReference: {fileID: 0}
    - target: {fileID: 400000, guid: 4be22100a41ea1a489bb39b42492da35, type: 3}
      propertyPath: m_LocalPosition.x
      value: -0.693
      objectReference: {fileID: 0}
    - target: {fileID: 400000, guid: 4be22100a41ea1a489bb39b42492da35, type: 3}
      propertyPath: m_LocalPosition.y
      value: 0.313
      objectReference: {fileID: 0}
    - target: {fileID: 400000, guid: 4be22100a41ea1a489bb39b42492da35, type: 3}
      propertyPath: m_LocalPosition.z
      value: -0.767
      objectReference: {fileID: 0}
    - target: {fileID: 400000, guid: 4be22100a41ea1a489bb39b42492da35, type: 3}
      propertyPath: m_LocalRotation.x
      value: 0.27871937
      objectReference: {fileID: 0}
    - target: {fileID: 400000, guid: 4be22100a41ea1a489bb39b42492da35, type: 3}
      propertyPath: m_LocalRotation.y
      value: -0.21800093
      objectReference: {fileID: 0}
    - target: {fileID: 400000, guid: 4be22100a41ea1a489bb39b42492da35, type: 3}
      propertyPath: m_LocalRotation.z
      value: -0.91459244
      objectReference: {fileID: 0}
    - target: {fileID: 400000, guid: 4be22100a41ea1a489bb39b42492da35, type: 3}
      propertyPath: m_LocalRotation.w
      value: -0.19573428
      objectReference: {fileID: 0}
    - target: {fileID: 400000, guid: 4be22100a41ea1a489bb39b42492da35, type: 3}
      propertyPath: m_RootOrder
      value: 6
      objectReference: {fileID: 0}
    - target: {fileID: 400000, guid: 4be22100a41ea1a489bb39b42492da35, type: 3}
      propertyPath: m_LocalEulerAnglesHint.x
      value: -30.522001
      objectReference: {fileID: 0}
    - target: {fileID: 400000, guid: 4be22100a41ea1a489bb39b42492da35, type: 3}
      propertyPath: m_LocalEulerAnglesHint.y
      value: -29.523
      objectReference: {fileID: 0}
    - target: {fileID: 400000, guid: 4be22100a41ea1a489bb39b42492da35, type: 3}
      propertyPath: m_LocalEulerAnglesHint.z
      value: -195.93599
      objectReference: {fileID: 0}
    - target: {fileID: 400000, guid: 4be22100a41ea1a489bb39b42492da35, type: 3}
      propertyPath: m_LocalScale.x
      value: 0.1442835
      objectReference: {fileID: 0}
    - target: {fileID: 400000, guid: 4be22100a41ea1a489bb39b42492da35, type: 3}
      propertyPath: m_LocalScale.y
      value: 0.1442835
      objectReference: {fileID: 0}
    - target: {fileID: 400000, guid: 4be22100a41ea1a489bb39b42492da35, type: 3}
      propertyPath: m_LocalScale.z
      value: 0.1442835
      objectReference: {fileID: 0}
    - target: {fileID: 2300000, guid: 4be22100a41ea1a489bb39b42492da35, type: 3}
      propertyPath: m_Materials.Array.data[0]
      value: 
      objectReference: {fileID: 2100000, guid: 9634d2f41ca17ae4c984e1391d36b32d, type: 2}
    m_RemovedComponents: []
  m_SourcePrefab: {fileID: 100100000, guid: 4be22100a41ea1a489bb39b42492da35, type: 3}
--- !u!4 &2498329472969166127 stripped
Transform:
  m_CorrespondingSourceObject: {fileID: 400000, guid: 4be22100a41ea1a489bb39b42492da35,
    type: 3}
  m_PrefabInstance: {fileID: 2498329472968775599}
  m_PrefabAsset: {fileID: 0}
--- !u!1001 &3925277199609473403
PrefabInstance:
  m_ObjectHideFlags: 0
  serializedVersion: 2
  m_Modification:
    m_TransformParent: {fileID: 4414042497287019823}
    m_Modifications:
    - target: {fileID: -8679921383154817045, guid: a0961dc51829f6540b83108043827d5e,
        type: 3}
      propertyPath: m_LocalPosition.x
      value: 0.008
      objectReference: {fileID: 0}
    - target: {fileID: -8679921383154817045, guid: a0961dc51829f6540b83108043827d5e,
        type: 3}
      propertyPath: m_LocalPosition.y
      value: -0.981
      objectReference: {fileID: 0}
    - target: {fileID: -8679921383154817045, guid: a0961dc51829f6540b83108043827d5e,
        type: 3}
      propertyPath: m_LocalPosition.z
      value: -0.501
      objectReference: {fileID: 0}
    - target: {fileID: -8679921383154817045, guid: a0961dc51829f6540b83108043827d5e,
        type: 3}
      propertyPath: m_LocalRotation.x
      value: 0.396939
      objectReference: {fileID: 0}
    - target: {fileID: -8679921383154817045, guid: a0961dc51829f6540b83108043827d5e,
        type: 3}
      propertyPath: m_LocalRotation.y
      value: 0.06330113
      objectReference: {fileID: 0}
    - target: {fileID: -8679921383154817045, guid: a0961dc51829f6540b83108043827d5e,
        type: 3}
      propertyPath: m_LocalRotation.z
      value: -0.073587544
      objectReference: {fileID: 0}
    - target: {fileID: -8679921383154817045, guid: a0961dc51829f6540b83108043827d5e,
        type: 3}
      propertyPath: m_LocalRotation.w
      value: -0.9126978
      objectReference: {fileID: 0}
    - target: {fileID: -8679921383154817045, guid: a0961dc51829f6540b83108043827d5e,
        type: 3}
      propertyPath: m_RootOrder
      value: 9
      objectReference: {fileID: 0}
    - target: {fileID: -8679921383154817045, guid: a0961dc51829f6540b83108043827d5e,
        type: 3}
      propertyPath: m_LocalEulerAnglesHint.x
      value: -45.664
      objectReference: {fileID: 0}
    - target: {fileID: -8679921383154817045, guid: a0961dc51829f6540b83108043827d5e,
        type: 3}
      propertyPath: m_LocalEulerAnglesHint.y
      value: 345.586
      objectReference: {fileID: 0}
    - target: {fileID: -8679921383154817045, guid: a0961dc51829f6540b83108043827d5e,
        type: 3}
      propertyPath: m_LocalEulerAnglesHint.z
      value: 15.314001
      objectReference: {fileID: 0}
    - target: {fileID: -8679921383154817045, guid: a0961dc51829f6540b83108043827d5e,
        type: 3}
      propertyPath: m_LocalScale.x
      value: 0.1594611
      objectReference: {fileID: 0}
    - target: {fileID: -8679921383154817045, guid: a0961dc51829f6540b83108043827d5e,
        type: 3}
      propertyPath: m_LocalScale.y
      value: 0.12531054
      objectReference: {fileID: 0}
    - target: {fileID: -8679921383154817045, guid: a0961dc51829f6540b83108043827d5e,
        type: 3}
      propertyPath: m_LocalScale.z
      value: 0.10119806
      objectReference: {fileID: 0}
    - target: {fileID: -7511558181221131132, guid: a0961dc51829f6540b83108043827d5e,
        type: 3}
      propertyPath: m_Materials.Array.data[0]
      value: 
      objectReference: {fileID: 2100000, guid: 72cd23d5df4566d4484bfaa843b6a7db, type: 2}
    - target: {fileID: 919132149155446097, guid: a0961dc51829f6540b83108043827d5e,
        type: 3}
      propertyPath: m_Name
      value: Endothelial cell (5)
      objectReference: {fileID: 0}
    m_RemovedComponents: []
  m_SourcePrefab: {fileID: 100100000, guid: a0961dc51829f6540b83108043827d5e, type: 3}
--- !u!4 &3599462065843261072 stripped
Transform:
  m_CorrespondingSourceObject: {fileID: -8679921383154817045, guid: a0961dc51829f6540b83108043827d5e,
    type: 3}
  m_PrefabInstance: {fileID: 3925277199609473403}
  m_PrefabAsset: {fileID: 0}
--- !u!1001 &5450000413541200253
PrefabInstance:
  m_ObjectHideFlags: 0
  serializedVersion: 2
  m_Modification:
    m_TransformParent: {fileID: 4414042497287019823}
    m_Modifications:
    - target: {fileID: 100000, guid: 4be22100a41ea1a489bb39b42492da35, type: 3}
      propertyPath: m_Name
      value: sphere1
      objectReference: {fileID: 0}
    - target: {fileID: 400000, guid: 4be22100a41ea1a489bb39b42492da35, type: 3}
      propertyPath: m_LocalPosition.x
      value: 0.929
      objectReference: {fileID: 0}
    - target: {fileID: 400000, guid: 4be22100a41ea1a489bb39b42492da35, type: 3}
      propertyPath: m_LocalPosition.y
      value: 0.042
      objectReference: {fileID: 0}
    - target: {fileID: 400000, guid: 4be22100a41ea1a489bb39b42492da35, type: 3}
      propertyPath: m_LocalPosition.z
      value: 0.288
      objectReference: {fileID: 0}
    - target: {fileID: 400000, guid: 4be22100a41ea1a489bb39b42492da35, type: 3}
      propertyPath: m_LocalRotation.x
      value: 0.012377185
      objectReference: {fileID: 0}
    - target: {fileID: 400000, guid: 4be22100a41ea1a489bb39b42492da35, type: 3}
      propertyPath: m_LocalRotation.y
      value: -0.32993826
      objectReference: {fileID: 0}
    - target: {fileID: 400000, guid: 4be22100a41ea1a489bb39b42492da35, type: 3}
      propertyPath: m_LocalRotation.z
      value: 0.007169743
      objectReference: {fileID: 0}
    - target: {fileID: 400000, guid: 4be22100a41ea1a489bb39b42492da35, type: 3}
      propertyPath: m_LocalRotation.w
      value: 0.9438942
      objectReference: {fileID: 0}
    - target: {fileID: 400000, guid: 4be22100a41ea1a489bb39b42492da35, type: 3}
      propertyPath: m_RootOrder
      value: 3
      objectReference: {fileID: 0}
    - target: {fileID: 400000, guid: 4be22100a41ea1a489bb39b42492da35, type: 3}
      propertyPath: m_LocalEulerAnglesHint.x
      value: 1.6100001
      objectReference: {fileID: 0}
    - target: {fileID: 400000, guid: 4be22100a41ea1a489bb39b42492da35, type: 3}
      propertyPath: m_LocalEulerAnglesHint.y
      value: -38.530003
      objectReference: {fileID: 0}
    - target: {fileID: 400000, guid: 4be22100a41ea1a489bb39b42492da35, type: 3}
      propertyPath: m_LocalEulerAnglesHint.z
      value: 0.30800003
      objectReference: {fileID: 0}
    - target: {fileID: 400000, guid: 4be22100a41ea1a489bb39b42492da35, type: 3}
      propertyPath: m_LocalScale.x
      value: 0.20734558
      objectReference: {fileID: 0}
    - target: {fileID: 400000, guid: 4be22100a41ea1a489bb39b42492da35, type: 3}
      propertyPath: m_LocalScale.y
      value: 0.20734558
      objectReference: {fileID: 0}
    - target: {fileID: 400000, guid: 4be22100a41ea1a489bb39b42492da35, type: 3}
      propertyPath: m_LocalScale.z
      value: 0.20734558
      objectReference: {fileID: 0}
    - target: {fileID: 2300000, guid: 4be22100a41ea1a489bb39b42492da35, type: 3}
      propertyPath: m_Materials.Array.data[0]
      value: 
      objectReference: {fileID: 2100000, guid: 9634d2f41ca17ae4c984e1391d36b32d, type: 2}
    m_RemovedComponents: []
  m_SourcePrefab: {fileID: 100100000, guid: 4be22100a41ea1a489bb39b42492da35, type: 3}
--- !u!4 &5450000413541329917 stripped
Transform:
  m_CorrespondingSourceObject: {fileID: 400000, guid: 4be22100a41ea1a489bb39b42492da35,
    type: 3}
  m_PrefabInstance: {fileID: 5450000413541200253}
  m_PrefabAsset: {fileID: 0}
--- !u!1001 &6930492495090890697
PrefabInstance:
  m_ObjectHideFlags: 0
  serializedVersion: 2
  m_Modification:
    m_TransformParent: {fileID: 4414042497287019823}
    m_Modifications:
    - target: {fileID: -8679921383154817045, guid: a0961dc51829f6540b83108043827d5e,
        type: 3}
      propertyPath: m_LocalPosition.x
      value: -0.097
      objectReference: {fileID: 0}
    - target: {fileID: -8679921383154817045, guid: a0961dc51829f6540b83108043827d5e,
        type: 3}
      propertyPath: m_LocalPosition.y
      value: 1.172
      objectReference: {fileID: 0}
    - target: {fileID: -8679921383154817045, guid: a0961dc51829f6540b83108043827d5e,
        type: 3}
      propertyPath: m_LocalPosition.z
      value: -0.81
      objectReference: {fileID: 0}
    - target: {fileID: -8679921383154817045, guid: a0961dc51829f6540b83108043827d5e,
        type: 3}
      propertyPath: m_LocalRotation.x
      value: -0.2126433
      objectReference: {fileID: 0}
    - target: {fileID: -8679921383154817045, guid: a0961dc51829f6540b83108043827d5e,
        type: 3}
      propertyPath: m_LocalRotation.y
      value: -0.06544889
      objectReference: {fileID: 0}
    - target: {fileID: -8679921383154817045, guid: a0961dc51829f6540b83108043827d5e,
        type: 3}
      propertyPath: m_LocalRotation.z
      value: 0.013517324
      objectReference: {fileID: 0}
    - target: {fileID: -8679921383154817045, guid: a0961dc51829f6540b83108043827d5e,
        type: 3}
      propertyPath: m_LocalRotation.w
      value: -0.97484183
      objectReference: {fileID: 0}
    - target: {fileID: -8679921383154817045, guid: a0961dc51829f6540b83108043827d5e,
        type: 3}
      propertyPath: m_RootOrder
      value: 8
      objectReference: {fileID: 0}
    - target: {fileID: -8679921383154817045, guid: a0961dc51829f6540b83108043827d5e,
        type: 3}
      propertyPath: m_LocalEulerAnglesHint.x
      value: 24.605001
      objectReference: {fileID: 0}
    - target: {fileID: -8679921383154817045, guid: a0961dc51829f6540b83108043827d5e,
        type: 3}
      propertyPath: m_LocalEulerAnglesHint.y
      value: 367.702
      objectReference: {fileID: 0}
    - target: {fileID: -8679921383154817045, guid: a0961dc51829f6540b83108043827d5e,
        type: 3}
      propertyPath: m_LocalEulerAnglesHint.z
      value: 0.093
      objectReference: {fileID: 0}
    - target: {fileID: -8679921383154817045, guid: a0961dc51829f6540b83108043827d5e,
        type: 3}
      propertyPath: m_LocalScale.x
      value: 0.1339963
      objectReference: {fileID: 0}
    - target: {fileID: -8679921383154817045, guid: a0961dc51829f6540b83108043827d5e,
        type: 3}
      propertyPath: m_LocalScale.y
      value: 0.10529934
      objectReference: {fileID: 0}
    - target: {fileID: -8679921383154817045, guid: a0961dc51829f6540b83108043827d5e,
        type: 3}
      propertyPath: m_LocalScale.z
      value: 0.08503745
      objectReference: {fileID: 0}
    - target: {fileID: -7511558181221131132, guid: a0961dc51829f6540b83108043827d5e,
        type: 3}
      propertyPath: m_Materials.Array.data[0]
      value: 
      objectReference: {fileID: 2100000, guid: 72cd23d5df4566d4484bfaa843b6a7db, type: 2}
    - target: {fileID: 919132149155446097, guid: a0961dc51829f6540b83108043827d5e,
        type: 3}
      propertyPath: m_Name
      value: Endothelial cell (3)
      objectReference: {fileID: 0}
    m_RemovedComponents: []
  m_SourcePrefab: {fileID: 100100000, guid: a0961dc51829f6540b83108043827d5e, type: 3}
--- !u!4 &7468295606362591266 stripped
Transform:
  m_CorrespondingSourceObject: {fileID: -8679921383154817045, guid: a0961dc51829f6540b83108043827d5e,
    type: 3}
  m_PrefabInstance: {fileID: 6930492495090890697}
  m_PrefabAsset: {fileID: 0}
--- !u!1001 &7205506195883640060
PrefabInstance:
  m_ObjectHideFlags: 0
  serializedVersion: 2
  m_Modification:
    m_TransformParent: {fileID: 4414042497287019823}
    m_Modifications:
    - target: {fileID: 100000, guid: 4be22100a41ea1a489bb39b42492da35, type: 3}
      propertyPath: m_Name
      value: sphere1 (2)
      objectReference: {fileID: 0}
    - target: {fileID: 400000, guid: 4be22100a41ea1a489bb39b42492da35, type: 3}
      propertyPath: m_LocalPosition.x
      value: 0.446
      objectReference: {fileID: 0}
    - target: {fileID: 400000, guid: 4be22100a41ea1a489bb39b42492da35, type: 3}
      propertyPath: m_LocalPosition.y
      value: -0.255
      objectReference: {fileID: 0}
    - target: {fileID: 400000, guid: 4be22100a41ea1a489bb39b42492da35, type: 3}
      propertyPath: m_LocalPosition.z
      value: -0.841
      objectReference: {fileID: 0}
    - target: {fileID: 400000, guid: 4be22100a41ea1a489bb39b42492da35, type: 3}
      propertyPath: m_LocalRotation.x
      value: -0.113180965
      objectReference: {fileID: 0}
    - target: {fileID: 400000, guid: 4be22100a41ea1a489bb39b42492da35, type: 3}
      propertyPath: m_LocalRotation.y
      value: -0.72491413
      objectReference: {fileID: 0}
    - target: {fileID: 400000, guid: 4be22100a41ea1a489bb39b42492da35, type: 3}
      propertyPath: m_LocalRotation.z
      value: 0.6125538
      objectReference: {fileID: 0}
    - target: {fileID: 400000, guid: 4be22100a41ea1a489bb39b42492da35, type: 3}
      propertyPath: m_LocalRotation.w
      value: -0.29405376
      objectReference: {fileID: 0}
    - target: {fileID: 400000, guid: 4be22100a41ea1a489bb39b42492da35, type: 3}
      propertyPath: m_RootOrder
      value: 10
      objectReference: {fileID: 0}
    - target: {fileID: 400000, guid: 4be22100a41ea1a489bb39b42492da35, type: 3}
      propertyPath: m_LocalEulerAnglesHint.x
      value: 72.681
      objectReference: {fileID: 0}
    - target: {fileID: 400000, guid: 4be22100a41ea1a489bb39b42492da35, type: 3}
      propertyPath: m_LocalEulerAnglesHint.y
      value: -255.08499
      objectReference: {fileID: 0}
    - target: {fileID: 400000, guid: 4be22100a41ea1a489bb39b42492da35, type: 3}
      propertyPath: m_LocalEulerAnglesHint.z
      value: -41.216003
      objectReference: {fileID: 0}
    - target: {fileID: 400000, guid: 4be22100a41ea1a489bb39b42492da35, type: 3}
      propertyPath: m_LocalScale.x
      value: 0.1667773
      objectReference: {fileID: 0}
    - target: {fileID: 400000, guid: 4be22100a41ea1a489bb39b42492da35, type: 3}
      propertyPath: m_LocalScale.y
      value: 0.1442835
      objectReference: {fileID: 0}
    - target: {fileID: 400000, guid: 4be22100a41ea1a489bb39b42492da35, type: 3}
      propertyPath: m_LocalScale.z
      value: 0.17638658
      objectReference: {fileID: 0}
    - target: {fileID: 2300000, guid: 4be22100a41ea1a489bb39b42492da35, type: 3}
      propertyPath: m_Materials.Array.data[0]
      value: 
      objectReference: {fileID: 2100000, guid: 9634d2f41ca17ae4c984e1391d36b32d, type: 2}
    m_RemovedComponents: []
  m_SourcePrefab: {fileID: 100100000, guid: 4be22100a41ea1a489bb39b42492da35, type: 3}
--- !u!4 &7205506195883515516 stripped
Transform:
  m_CorrespondingSourceObject: {fileID: 400000, guid: 4be22100a41ea1a489bb39b42492da35,
    type: 3}
  m_PrefabInstance: {fileID: 7205506195883640060}
  m_PrefabAsset: {fileID: 0}
--- !u!1001 &7442566464245861869
PrefabInstance:
  m_ObjectHideFlags: 0
  serializedVersion: 2
  m_Modification:
    m_TransformParent: {fileID: 4414042497287019823}
    m_Modifications:
    - target: {fileID: -8679921383154817045, guid: a0961dc51829f6540b83108043827d5e,
        type: 3}
      propertyPath: m_LocalPosition.x
      value: 0.771
      objectReference: {fileID: 0}
    - target: {fileID: -8679921383154817045, guid: a0961dc51829f6540b83108043827d5e,
        type: 3}
      propertyPath: m_LocalPosition.y
      value: 0.682
      objectReference: {fileID: 0}
    - target: {fileID: -8679921383154817045, guid: a0961dc51829f6540b83108043827d5e,
        type: 3}
      propertyPath: m_LocalPosition.z
      value: -0.363
      objectReference: {fileID: 0}
    - target: {fileID: -8679921383154817045, guid: a0961dc51829f6540b83108043827d5e,
        type: 3}
      propertyPath: m_LocalRotation.x
      value: -0.055522934
      objectReference: {fileID: 0}
    - target: {fileID: -8679921383154817045, guid: a0961dc51829f6540b83108043827d5e,
        type: 3}
      propertyPath: m_LocalRotation.y
      value: 0.60294306
      objectReference: {fileID: 0}
    - target: {fileID: -8679921383154817045, guid: a0961dc51829f6540b83108043827d5e,
        type: 3}
      propertyPath: m_LocalRotation.z
      value: -0.14120102
      objectReference: {fileID: 0}
    - target: {fileID: -8679921383154817045, guid: a0961dc51829f6540b83108043827d5e,
        type: 3}
      propertyPath: m_LocalRotation.w
      value: -0.7832236
      objectReference: {fileID: 0}
    - target: {fileID: -8679921383154817045, guid: a0961dc51829f6540b83108043827d5e,
        type: 3}
      propertyPath: m_RootOrder
      value: 5
      objectReference: {fileID: 0}
    - target: {fileID: -8679921383154817045, guid: a0961dc51829f6540b83108043827d5e,
        type: 3}
      propertyPath: m_LocalEulerAnglesHint.x
      value: 14.907001
      objectReference: {fileID: 0}
    - target: {fileID: -8679921383154817045, guid: a0961dc51829f6540b83108043827d5e,
        type: 3}
      propertyPath: m_LocalEulerAnglesHint.y
      value: 286.024
      objectReference: {fileID: 0}
    - target: {fileID: -8679921383154817045, guid: a0961dc51829f6540b83108043827d5e,
        type: 3}
      propertyPath: m_LocalEulerAnglesHint.z
      value: 9.184
      objectReference: {fileID: 0}
    - target: {fileID: -8679921383154817045, guid: a0961dc51829f6540b83108043827d5e,
        type: 3}
      propertyPath: m_LocalScale.x
      value: 0.19666214
      objectReference: {fileID: 0}
    - target: {fileID: -8679921383154817045, guid: a0961dc51829f6540b83108043827d5e,
        type: 3}
      propertyPath: m_LocalScale.y
      value: 0.18029165
      objectReference: {fileID: 0}
    - target: {fileID: -8679921383154817045, guid: a0961dc51829f6540b83108043827d5e,
        type: 3}
      propertyPath: m_LocalScale.z
      value: 0.14120802
      objectReference: {fileID: 0}
    - target: {fileID: -7511558181221131132, guid: a0961dc51829f6540b83108043827d5e,
        type: 3}
      propertyPath: m_Materials.Array.data[0]
      value: 
      objectReference: {fileID: 2100000, guid: 72cd23d5df4566d4484bfaa843b6a7db, type: 2}
    - target: {fileID: 919132149155446097, guid: a0961dc51829f6540b83108043827d5e,
        type: 3}
      propertyPath: m_Name
      value: Endothelial cell (1)
      objectReference: {fileID: 0}
    m_RemovedComponents: []
  m_SourcePrefab: {fileID: 100100000, guid: a0961dc51829f6540b83108043827d5e, type: 3}
--- !u!4 &6972689022848166406 stripped
Transform:
  m_CorrespondingSourceObject: {fileID: -8679921383154817045, guid: a0961dc51829f6540b83108043827d5e,
    type: 3}
  m_PrefabInstance: {fileID: 7442566464245861869}
  m_PrefabAsset: {fileID: 0}
